@article{Benard:2013:CSS,
 title = {Computing Smooth Surface Contours with Accurate Topology},
 author = {Pierre B{\'e}nard and Aaron Hertzmann and Michael Kass},
 journal = {TOG},
 year = {2013},
 pages = {to appear},
}%article

@article{Chen:2013:FWH,
 title = {FaceWarehouse: a 3D Facial Expression Database for Visual Computing},
 author = {Cao Chen and Yanlin Weng and Shun Zhou and Yiying Tong and Kun Zhou},
 journal = {TVCG},
 year = {2013},
 note = {\url{http://gaps-zju.org/facewarehouse/}},
}%

@article{Chen:2013:3DSR,
  title={3D shape regression for real-time facial animation},
  author={Cao, Chen and Weng, Yanlin and Lin, Stephen and Zhou, Kun},
  journal={ACM TOG (Proc. SIGGRAPH)},
  volume={32},
  number={4},
  pages={41},
  year={2013}
}

@misc{Wei:2013:INC,
 author = {Li-Yi Wei},
 title = {Ideas are not like cakes},
 note = {\url{http://blog.liyiwei.org/?p=1236}},
 year = {2013},
}%misc

@inproceedings{Ma:2013:DET,
 author               = {Chongyang Ma and Li-Yi Wei and Sylvain Lefebvre and Xin Tong},
 booktitle            = {SIGGRAPH '13},
 title                = {Dynamic Element Textures},
 year                 = {2013},
 pages = {90:1--10},
 }

@article{Benard:2013:SAE,
 author = {B{\'e}nard, Pierre and Cole, Forrester and Kass, Michael and Mordatch, Igor and Hegarty, James and Senn, Martin Sebastian and Fleischer, Kurt and Pesare, Davide and Breeden, Katherine},
 title = {Stylizing animation by example},
 journal = {ACM Trans. Graph.},
 _issue_date = {July 2013},
 volume = {32},
 number = {4},
 month = jul,
 year = {2013},
 _issn = {0730-0301},
 pages = {119:1--119:12},
 articleno = {119},
 numpages = {12},
 url = {http://doi.acm.org/10.1145/2461912.2461929},
 doi = {10.1145/2461912.2461929},
 acmid = {2461929},
 keywords = {keyframe, non-photorealistic rendering, temporal coherence, texture synthesis},
} 

@article{Noris:2013:TDVCLD,
  title={Topology-driven vectorization of clean line drawings},
  author={Noris, Gioacchino and Hornung, Alexander and Sumner, Robert W and Simmons, Maryann and Gross, Markus},
  journal={ACM Transactions on Graphics (TOG)},
  volume={32},
  number={1},
  pages={4},
  year={2013},
  publisher={ACM}
}

@inproceedings{Chen:2013:3SR,
  title={3D Shape Regression for Real-time Facial Animation},
  author={Chen, Chen and Weng, Yanlin and Lin, Stephen and Zhou, Kun},
 booktitle = {SIGGRAPH '13},
 numpages = {10},
 year = {2013},  
}

@article{Berger:2013:SAPS,
  title={Style and abstraction in portrait sketching},
  author={Berger, Itamar and Shamir, Ariel and Mahler, Moshe and Carter, Elizabeth and Hodgins, Jessica},
  journal={ACM Transactions on Graphics (TOG)},
  volume={32},
  number={4},
  pages={55},
  year={2013},
  publisher={ACM}
}

@article{Chai:2012:SVHM,
  title={Single-view hair modeling for portrait manipulation},
  author={Chai, Menglei and Wang, Lvdi and Weng, Yanlin and Yu, Yizhou and Guo, Baining and Zhou, Kun},
  journal={ACM Transactions on Graphics (TOG)},
  volume={31},
  number={4},
  pages={116},
  year={2012},
  publisher={ACM}
}

@article{Eitz:2012:SSR,
 author = {Eitz, Mathias and Richter, Ronald and Boubekeur, Tamy and Hildebrand, Kristian and Alexa, Marc},
 title = {Sketch-based shape retrieval},
 journal = {ACM Trans. Graph.},
 issue_date = {July 2012},
 volume = {31},
 number = {4},
 month = jul,
 year = {2012},
 issn = {0730-0301},
 pages = {31:1--31:10},
 articleno = {31},
 numpages = {10},
 url = {http://doi.acm.org/10.1145/2185520.2185527},
 doi = {10.1145/2185520.2185527},
 acmid = {2185527},
 keywords = {bag-of-features, local descriptors, shape retrieval, visual search},
} 

@inproceedings{Benard:2012:ASC,
 author = {B{\'e}nard, Pierre and Lu, Jingwan and Cole, Forrester and Finkelstein, Adam and Thollot, Jo\"{e}lle},
 title = {Active strokes: coherent line stylization for animated 3D models},
 _booktitle = {Proceedings of the Symposium on Non-Photorealistic Animation and Rendering},
 booktitle = {NPAR '12},
 year = {2012},
 pages = {37--46},
 numpages = {10},
 url = {http://dl.acm.org/citation.cfm?id=2330147.2330156},
 acmid = {2330156},
 keywords = {NPR, line drawings, snakes, temporal coherence},
}

@article{Thai:2012:FAASM,
  author    = {Thai Hoang Le and
               Truong Nhat Vo},
  title     = {Face Alignment Using Active Shape Model And Support Vector
               Machine},
  journal   = {CoRR},
  volume    = {abs/1209.6151},
  year      = {2012},
  ee        = {http://arxiv.org/abs/1209.6151},
  bibsource = {DBLP, http://dblp.uni-trier.de}
}

@inproceedings{Wang:2012:SCDL,
  title={Semi-coupled dictionary learning with applications to image super-resolution and photo-sketch synthesis},
  author={Wang, Shenlong and Zhang, D and Liang, Yan and Pan, Quan},
  booktitle={Computer Vision and Pattern Recognition (CVPR), 2012 IEEE Conference on},
  pages={2216--2223},
  year={2012},
  organization={IEEE}
}

@article{Schmid:2011:OAI,
author = {Schmid, Johannes and Senn, Martin Sebastian and Gross, Markus and Sumner, Robert W.},
title = {OverCoat: an implicit canvas for 3D painting},
journal = {ACM Trans. Graph.},
volume = {30},
issue = {4},
month = {August},
year = {2011},
issn = {0730-0301},
pages = {28:1--28:10},
articleno = {28},
numpages = {10},
url = {http://doi.acm.org/10.1145/2010324.1964923},
doi = {http://doi.acm.org/10.1145/2010324.1964923},
acmid = {1964923},
keywords = {3D painting, digital painting, stroke based rendering},
}

@inproceedings{Chen:2011:NRC,
 author = {Tim Chen and Li-Yi Wei and Chun-Fa Chang},
 title = {Nonlinear Revision Control for Images},
 booktitle = {SIGGRAPH '11},
 pages = {105:1--10},
 articleno = {105},
 numpages = {10},
 year = {2011},
 }

@inproceedings{Ma:2011:DET,
  title={Discrete element textures},
  author={Ma, Chongyang and Wei, Li-Yi and Tong, Xin},
  booktitle={ACM Transactions on Graphics (TOG)},
  volume={30},
  number={4},
  pages={62},
  year={2011},
  organization={ACM}
}

@Article{Benard:2011:STAR,
  author       = "B\'enard, Pierre and Bousseau, Adrien and Thollot, Jo{\"e}lle",
  title        = "State-of-the-Art Report on Temporal Coherence for Stylized Animations",
  journal      = "Computer Graphics Forum",
  number       = "8",
  volume       = "30",
  pages        = "2367--2386",
  _month        = "December",
  year         = "2011",
  url          = "http://www-sop.inria.fr/reves/Basilic/2011/BBT11"
}

@inproceedings{Bowers:2010:PPD,
 author = {Bowers, John and Wang, Rui and Wei, Li-Yi and Maletz, David},
 title = {Parallel Poisson Disk Sampling with Spectrum Analysis on Surfaces},
 _booktitle = {ACM SIGGRAPH Asia 2010 Papers},
 booktitle = {SIGGRAPH ASIA '10},
 year = {2010},
 pages = {166:1--166:10},
 articleno = {166},
 numpages = {10},
 url = {http://doi.acm.org/10.1145/1866158.1866188},
 doi = {10.1145/1866158.1866188},
 acmid = {1866188},
 keywords = {GPU, Poisson disk sampling, manifold surface, mesh Laplacian, parallel computation, spectrum analysis},
} 


@inproceedings{Benard:2010:STC,
 author = {B{\'e}nard, Pierre and Cole, Forrester and Golovinskiy, Aleksey and Finkelstein, Adam},
 title = {Self-similar texture for coherent line stylization},
 _booktitle = {Proceedings of the 8th International Symposium on Non-Photorealistic Animation and Rendering},
 booktitle = {NPAR '10},
 year = {2010},
 pages = {91--97},
 numpages = {7},
 url = {http://doi.acm.org/10.1145/1809939.1809950},
 doi = {10.1145/1809939.1809950},
 acmid = {1809950},
 keywords = {artmap, line drawing, non-photorealistic rendering, temporal coherence},
} 

@article{Benard:2010:DNP,
    title = {{A Dynamic Noise Primitive for Coherent Stylization}},
    author = {B{\'e}nard, Pierre and Lagae, Ares and Vangorp, Peter and Lefebvre, Sylvain and Drettakis, George and Thollot, Jo{\"e}lle},
    _booktitle = {{Proceedings of the Eurographics Symposium on Rendering 2010}},
    pages = {1497-1506},
    journal = {Computer Graphics Forum},
    volume = {29},
    number = {4},
    doi = {10.1111/j.1467-8659.2010.01747.x },
    year = {2010},
    month = Jun,
    pdf = {http://hal.inria.fr/inria-00487986/PDF/BLVLDT10.pdf},
}

@inproceedings{Alcantara:2009:RPH,
 author = {Alcantara, Dan A. and Sharf, Andrei and Abbasinejad, Fatemeh and Sengupta, Shubhabrata and Mitzenmacher, Michael and Owens, John D. and Amenta, Nina},
 title = {Real-time parallel hashing on the GPU},
 _booktitle = {ACM SIGGRAPH Asia 2009 papers},
 booktitle = {SIGGRAPH Asia '09},
 year = {2009},
 pages = {154:1--154:9},
 articleno = {154},
 numpages = {9},
 url = {http://doi.acm.org/10.1145/1661412.1618500},
 doi = {10.1145/1661412.1618500},
 acmid = {1618500},
 keywords = {GPU computing, cuckoo hashing, hash tables, parallel data structures, parallel hash tables},
}

@article{Wang:2009:FPSSR,
  title={Face photo-sketch synthesis and recognition},
  author={Wang, Xiaogang and Tang, Xiaoou},
  journal={Pattern Analysis and Machine Intelligence, IEEE Transactions on},
  volume={31},
  number={11},
  pages={1955--1967},
  year={2009},
  publisher={IEEE}
}

@inproceedings{Wei:2009:STTS,
 title = {State of the Art in Example-based Texture Synthesis},
 author = {Li-Yi Wei and Sylvain Lefebvre and Vivek Kwatra and Greg Turk},
 booktitle = {Eurographics '09 State of the Art Report},
 _venue = {EUROGRAPHICS 2009 STAR},
 year = {2009},
 pages = {93--117},
}

@inproceedings{Tzeng:2008:PWN,
 author = {Tzeng, Stanley and Wei, Li-Yi},
 title = {Parallel white noise generation on a GPU via cryptographic hash},
 _booktitle = {Proceedings of the 2008 symposium on Interactive 3D graphics and games},
 booktitle = {I3D '08},
 year = {2008},
 pages = {79--87},
 numpages = {9},
 url = {http://doi.acm.org/10.1145/1342250.1342263},
 doi = {10.1145/1342250.1342263},
 acmid = {1342263},
 keywords = {GPU techniques, noise, parallel computation, random number generation, texturing},
} 

@inproceedings{Wei:2008:ITS,
 author = {Wei, Li-Yi and Han, Jianwei and Zhou, Kun and Bao, Hujun and Guo, Baining and Shum, Heung-Yeung},
 title = {Inverse texture synthesis},
 _booktitle = {ACM SIGGRAPH 2008 papers},
 booktitle = {SIGGRAPH '08},
 year = {2008},
 _isbn = {978-1-4503-0112-1},
 _location = {Los Angeles, California},
 pages = {52:1--52:9},
 articleno = {52},
 numpages = {9},
 url = {http://doi.acm.org/10.1145/1399504.1360651},
 doi = {10.1145/1399504.1360651},
 acmid = {1360651},
 keywords = {GPU techniques, texture mapping, texture synthesis},
} 

@inproceedings{Cole:2008:PDL,
 author = {Cole, Forrester and Golovinskiy, Aleksey and Limpaecher, Alex and Barros, Heather Stoddart and Finkelstein, Adam and Funkhouser, Thomas and Rusinkiewicz, Szymon},
 title = {Where do people draw lines?},
 _booktitle = {ACM SIGGRAPH 2008 papers},
 booktitle = {SIGGRAPH '08},
 year = {2008},
 _isbn = {978-1-4503-0112-1},
 _location = {Los Angeles, California},
 pages = {88:1--88:11},
 articleno = {88},
 numpages = {11},
 url = {http://doi.acm.org/10.1145/1399504.1360687},
 doi = {10.1145/1399504.1360687},
 acmid = {1360687},
} 

@article{Judd:2007:ARLD,
  title={Apparent ridges for line drawing},
  author={Judd, Tilke and Durand, Fr{\'e}do and Adelson, Edward},
  journal={ACM Transactions on Graphics (TOG)},
  volume={26},
  number={3},
  pages={19},
  year={2007},
  publisher={ACM}
}

@misc{Raskar:2007:NPRC,
  title={Non-photorealistic camera},
  author={Raskar, Ramesh},
  year={2007},
  month=nov # "~13",
  publisher={Google Patents},
  note={US Patent 7,295,720}
}

@inproceedings{Kang:2007:CLD,
  title={Coherent line drawing},
  author={Kang, Henry and Lee, Seungyong and Chui, Charles K},
  booktitle={Proceedings of the 5th international symposium on Non-photorealistic animation and rendering},
  pages={43--50},
  year={2007},
  organization={ACM}
}

@inproceedings{Lefebvre:2006:PSH,
 author = {Lefebvre, Sylvain and Hoppe, Hugues},
 title = {Perfect spatial hashing},
 _booktitle = {ACM SIGGRAPH 2006 Papers},
 booktitle = {SIGGRAPH '06},
 year = {2006},
 pages = {579--588},
 numpages = {10},
 url = {http://doi.acm.org/10.1145/1179352.1141926},
 doi = {10.1145/1179352.1141926},
 acmid = {1141926},
 keywords = {3D-parameterized textures, adaptive textures, minimal perfect hash, multidimensional hashing, sparse data, vector images},
} 

@article{Han:2006:FES,
 author = {Han, Jianwei and Zhou, Kun and Wei, Li-Yi and Gong, Minmin and Bao, Hujun and Zhang, Xinming and Guo, Baining},
 title = {Fast example-based surface texture synthesis via discrete optimization},
 journal = {Vis. Comput.},
 issue_date = {September 2006},
 volume = {22},
 number = {9},
 month = sep,
 year = {2006},
 issn = {0178-2789},
 pages = {918--925},
 numpages = {8},
 url = {http://dx.doi.org/10.1007/s00371-006-0078-3},
 doi = {10.1007/s00371-006-0078-3},
 acmid = {1165440},
 publisher = {Springer-Verlag New York, Inc.},
 address = {Secaucus, NJ, USA},
 keywords = {Energy minimization, Flow visualization, Texture animation, Texture mapping, Texture synthesis},
} 

@article{Sinha:2006:FRH,
  title={Face recognition by humans: Nineteen results all computer vision researchers should know about},
  author={Sinha, Pawan and Balas, Benjamin and Ostrovsky, Yuri and Russell, Richard},
  journal={Proceedings of the IEEE},
  volume={94},
  number={11},
  pages={1948--1962},
  year={2006},
  publisher={IEEE}
}

@inproceedings{Lefebvre:2005:TST,
 author = {Lefebvre, Sylvain and Hornus, Samuel and Neyret, Fabrice},
 title = {Texture Sprites: Texture Elements Splatted on Surfaces},
 _booktitle = {Proceedings of the 2005 Symposium on Interactive 3D Graphics and Games},
 booktitle = {I3D '05},
 year = {2005},
 _isbn = {1-59593-013-2},
 _location = {Washington, District of Columbia},
 pages = {163--170},
 numpages = {8},
 url = {http://doi.acm.org/10.1145/1053427.1053454},
 doi = {10.1145/1053427.1053454},
 acmid = {1053454},
 keywords = {decals, graphics hardware, octree textures, real-time rendering, texture sprites, texturing},
} 

@inproceedings{Kwatra:2005:TOE,
 author = {Kwatra, Vivek and Essa, Irfan and Bobick, Aaron and Kwatra, Nipun},
 title = {Texture optimization for example-based synthesis},
 _booktitle = {ACM SIGGRAPH 2005 Papers},
 booktitle = {SIGGRAPH '05},
 year = {2005},
 pages = {795--802},
 numpages = {8},
 url = {http://doi.acm.org/10.1145/1186822.1073263},
 doi = {10.1145/1186822.1073263},
 acmid = {1073263},
 keywords = {energy minimization, flow visualization, image-based rendering, texture animation, texture synthesis},
}

@inproceedings{Chen:2004:ECS:987657.987673,
 author = {Chen, Hong and Liu, Ziqiang and Rose, Chuck and Xu, Yingqing and Shum, Heung-Yeung and Salesin, David},
 title = {Example-based Composite Sketching of Human Portraits},
 booktitle = {Proceedings of the 3rd International Symposium on Non-photorealistic Animation and Rendering},
 series = {NPAR '04},
 year = {2004},
 isbn = {1-58113-887-3},
 location = {Annecy, France},
 pages = {95--153},
 numpages = {59},
 url = {http://doi.acm.org/10.1145/987657.987673},
 doi = {10.1145/987657.987673},
 acmid = {987673},
 publisher = {ACM},
 address = {New York, NY, USA},
 keywords = {Non Photorealistic Rendering, computer vision},
}

@article{Gooch:2004:HFI:966131.966133,
 author = {Gooch, Bruce and Reinhard, Erik and Gooch, Amy},
 title = {Human Facial Illustrations: Creation and Psychophysical Evaluation},
 journal = {ACM Trans. Graph.},
 issue_date = {January 2004},
 volume = {23},
 number = {1},
 month = jan,
 year = {2004},
 issn = {0730-0301},
 pages = {27--44},
 numpages = {18},
 url = {http://doi.acm.org/10.1145/966131.966133},
 doi = {10.1145/966131.966133},
 acmid = {966133},
 publisher = {ACM},
 address = {New York, NY, USA},
 keywords = {Caricatures, Super-portraits, Validation},
} 

@inproceedings{Rusinkiewicz:2004:ECD,
  title={Estimating curvatures and their derivatives on triangle meshes},
  author={Rusinkiewicz, Szymon},
  booktitle={3D Data Processing, Visualization and Transmission, 2004. 3DPVT 2004. Proceedings. 2nd International Symposium on},
  pages={486--493},
  year={2004},
  organization={IEEE}
}

@article{Kalnins:2003:CSS,
  title={Coherent stylized silhouettes},
  author={Kalnins, Robert D and Davidson, Philip L and Markosian, Lee and Finkelstein, Adam},
  journal={ACM Transactions on Graphics (TOG)},
  volume={22},
  number={3},
  pages={856--861},
  year={2003},
  publisher={ACM}
}

@inproceedings{DeCarlo:2003:SCCS,
  title={Suggestive contours for conveying shape},
  author={DeCarlo, Doug and Finkelstein, Adam and Rusinkiewicz, Szymon and Santella, Anthony},
  booktitle={ACM Transactions on Graphics (TOG)},
  volume={22},
  number={3},
  pages={848--855},
  year={2003},
  organization={ACM}
}

@inproceedings{DeCarlo:2004:IRSC,
  title={Interactive rendering of suggestive contours with temporal coherence},
  author={DeCarlo, Doug and Finkelstein, Adam and Rusinkiewicz, Szymon},
  booktitle={Proceedings of the 3rd international symposium on Non-photorealistic animation and rendering},
  pages={15--145},
  year={2004},
  organization={ACM}
}

@inproceedings{Rusinkiewicz:2001:EVO,
 author = {Szymon Rusinkiewicz and Marc Levoy},
 title = {Efficient Variants of the {ICP} Algorithm},
 booktitle = {Third International Conference on 3D Digital Imaging and Modeling (3DIM)},
 year = {2001},
}

@inproceedings{Hertzmann:2001:IA,
 author = {Hertzmann, Aaron and Jacobs, Charles E. and Oliver, Nuria and Curless, Brian and Salesin, David H.},
 title = {Image analogies},
 _booktitle = {Proceedings of the 28th annual conference on Computer graphics and interactive techniques},
 booktitle = {SIGGRAPH '01},
 year = {2001},
 _isbn = {1-58113-374-X},
 pages = {327--340},
 numpages = {14},
 url = {http://doi.acm.org/10.1145/383259.383295},
 doi = {10.1145/383259.383295},
 acmid = {383295},
 keywords = {Markov random fields, autoregression, example-based rendering, non-photorealistic rendering, texture synthesis, texture transfer, texture-by-numbers},
} 

@inproceedings{Hertzmann:2000:ISS,
  title={Illustrating smooth surfaces},
  author={Hertzmann, Aaron and Zorin, Denis},
  booktitle={Proceedings of the 27th annual conference on Computer graphics and interactive techniques},
  pages={517--526},
  year={2000},
  organization={ACM Press/Addison-Wesley Publishing Co.}
}

@book{Cipolla:2000:VMCS,
  title={Visual motion of curves and surfaces},
  author={Cipolla, Roberto and Giblin, Peter},
  year={2000},
  publisher={Cambridge University Press}
}

@inproceedings{Rademacher:1999:VG,
 author = {Rademacher, Paul},
 title = {View-dependent geometry},
 _booktitle = {Proceedings of the 26th annual conference on Computer graphics and interactive techniques},
 booktitle = {SIGGRAPH '99},
 year = {1999},
 _isbn = {0-201-48560-5},
 pages = {439--446},
 numpages = {8},
 url = {http://dx.doi.org/10.1145/311535.311612},
 doi = {10.1145/311535.311612},
 acmid = {311612},
 keywords = {3D animation, 3D blending, animation systems, cartoon animation, non-photorealistic rendering, rendering},
} 

@inproceedings{Besl:1992:MR3DS,
  title={Method for registration of 3-D shapes},
  author={Besl, Paul J and McKay, Neil D},
  booktitle={Robotics-DL tentative},
  pages={586--606},
  year={1992},
  organization={International Society for Optics and Photonics}
}

@article{Yang:2011:ETFSA,
  title={Expression transfer for facial sketch animation},
  author={Yang, Yang and Zheng, Nanning and Liu, Yuehu and Du, Shaoyi and Su, Yuanqi and Nishio, Yoshifumi},
  journal={Signal Processing},
  volume={91},
  number={11},
  pages={2465--2477},
  year={2011},
  publisher={Elsevier}
}

@inproceedings{Karsch:2011:SOP,
 author = {Karsch, Kevin and Hart, John C.},
 title = {Snaxels on a plane},
 booktitle = {Proceedings of the ACM SIGGRAPH/Eurographics Symposium on Non-Photorealistic Animation and Rendering},
 series = {NPAR '11},
 year = {2011},
 isbn = {978-1-4503-0907-3},
 location = {Vancouver, British Columbia, Canada},
 pages = {35--42},
 numpages = {8},
 url = {http://doi.acm.org/10.1145/2024676.2024683},
 doi = {http://doi.acm.org/10.1145/2024676.2024683},
 acmid = {2024683},
 publisher = {ACM},
 address = {New York, NY, USA},
 keywords = {SVG, contour, line/vector art, planar map},
} 

@inproceedings{Rivers:2010:CM,
 author = {Rivers, Alec and Igarashi, Takeo and Durand, Fr{\'e}do},
 title = {2.5D Cartoon Models},
 booktitle = {ACM SIGGRAPH 2010 Papers},
 series = {SIGGRAPH '10},
 year = {2010},
 isbn = {978-1-4503-0210-4},
 location = {Los Angeles, California},
 pages = {59:1--59:7},
 articleno = {59},
 numpages = {7},
 url = {http://doi.acm.org/10.1145/1833349.1778796},
 doi = {10.1145/1833349.1778796},
 acmid = {1778796},
 publisher = {ACM},
 address = {New York, NY, USA},
 keywords = {animation, billboards, cartoons, interpolation, non-photorealistic rendering, vector art},
} 

@article{Durand:2005:FALT,
  title={A frequency analysis of light transport},
  author={Durand, Fr{\'e}do and Holzschuch, Nicolas and Soler, Cyril and Chan, Eric and Sillion, Fran{\c{c}}ois X},
  journal={ACM Transactions on Graphics (TOG)},
  volume={24},
  number={3},
  pages={1115--1126},
  year={2005},
  publisher={ACM}
}

@article{Fleming:2004:SRPS,
  title={Specular reflections and the perception of shape},
  author={Fleming, Roland W and Torralba, Antonio and Adelson, Edward H},
  journal={Journal of Vision},
  volume={4},
  number={9},
  pages={10},
  year={2004},
  publisher={Association for Research in Vision and Ophthalmology}
}

@article{Le:2012:FA,
  title={Face alignment using active shape model and support vector machine},
  author={Le, Thai Hoang and Vo, Truong Nhat},
  journal={arXiv preprint arXiv:1209.6151},
  year={2012}
}

@article{Stegmann:2002:BISSA,
  title={A brief introduction to statistical shape analysis},
  author={Stegmann, Mikkel B and Gomez, David Delgado},
  journal={Informatics and Mathematical Modelling, Technical University of Denmark, DTU},
  volume={15},
  year={2002}
}

@inproceedings{Chen:2002:PPI:641007.641040,
 author = {Chen, Hong and Zheng, Nan-Ning and Liang, Lin and Li, Yan and Xu, Ying-Qing and Shum, Heung-Yeung},
 title = {PicToon: A Personalized Image-based Cartoon System},
 booktitle = {Proceedings of the Tenth ACM International Conference on Multimedia},
 series = {MULTIMEDIA '02},
 year = {2002},
 isbn = {1-58113-620-X},
 location = {Juan-les-Pins, France},
 pages = {171--178},
 numpages = {8},
 url = {http://doi.acm.org/10.1145/641007.641040},
 doi = {10.1145/641007.641040},
 acmid = {641040},
 publisher = {ACM},
 address = {New York, NY, USA},
 keywords = {applications, example-based learning, lip-syncing, multi-modal interaction and integration, non-parametric sampling, user interfaces},
} 

@inproceedings{Buck:2000:PHA,
  author = "Ian Buck and Adam Finkelstein and Charles Jacobs and Allison
    Klein and David H. Salesin and Joshua Seims and
    Richard Szeliski and Kentaro Toyama",
  title = "Performance-Driven Hand-Drawn Animation",
  booktitle = "NPAR 2000 : First International Symposium on Non Photorealistic
    Animation and Rendering",
  year = "2000",
  month = jun,
  pages = "101--108"
}

@article{Kass:1988:SACM,
  title={Snakes: Active contour models},
  author={Kass, Michael and Witkin, Andrew and Terzopoulos, Demetri},
  journal={International journal of computer vision},
  volume={1},
  number={4},
  pages={321--331},
  year={1988},
  publisher={Springer}
}

@inproceedings{Meier:1996:PRA,
  title={Painterly rendering for animation},
  author={Meier, Barbara J},
  booktitle={Proceedings of the 23rd annual conference on Computer graphics and interactive techniques},
  pages={477--484},
  year={1996},
  organization={ACM}
}

@inproceedings{Saito:1990:CRS,
  title={Comprehensible rendering of 3-D shapes},
  author={Saito, Takafumi and Takahashi, Tokiichiro},
  booktitle={ACM SIGGRAPH Computer Graphics},
  volume={24},
  number={4},
  pages={197--206},
  year={1990},
  organization={ACM}
}

@article{Yuille:1989:ZCLC,
  title={Zero crossings on lines of curvature},
  author={Yuille, Alan L},
  journal={Computer Vision, Graphics, and Image Processing},
  volume={45},
  number={1},
  pages={68--87},
  year={1989},
  publisher={Elsevier}
}

@article{Decaudin:1996:CLRS,
  title={Cartoon-looking rendering of 3D-scenes},
  author={Decaudin, Philippe},
  journal={Syntim Project Inria},
  volume={6},
  year={1996}
}

@article{Hertzmann:1999:IRSO,
  title={Introduction to 3D non-photorealistic rendering: Silhouettes and outlines},
  author={Hertzmann, Aaron},
  journal={Non-Photorealistic Rendering. SIGGRAPH},
  volume={99},
  year={1999}
}

@article{Pearson:1985:VCVLDR,
  title={Visual communication at very low data rates},
  author={Pearson, Don E and Robinson, John A},
  journal={Proceedings of the IEEE},
  volume={73},
  number={4},
  pages={795--812},
  year={1985},
  publisher={IEEE}
}

@inproceedings{Ohtake:2004:RVL,
  title={Ridge-valley lines on meshes via implicit surface fitting},
  author={Ohtake, Yutaka and Belyaev, Alexander and Seidel, Hans-Peter},
  booktitle={ACM Transactions on Graphics (TOG)},
  volume={23},
  number={3},
  pages={609--612},
  year={2004},
  organization={ACM}
}

@inproceedings{Interrante:1995:ETSS,
  title={Enhancing transparent skin surfaces with ridge and valley lines},
  author={Interrante, Victoria and Fuchs, Henry and Pizer, Stephen},
  booktitle={Proceedings of the 6th conference on Visualization'95},
  pages={52},
  year={1995},
  organization={IEEE Computer Society}
}

@book{Hilbert:1999:GI,
  title={Geometry and the Imagination},
  author={Hilbert, David and Cohn-Vossen, Stephan},
  volume={87},
  year={1999},
  publisher={American Mathematical Soc.}
}

@book{Koenderink:1990:SS,
  title={Solid shape},
  author={Koenderink, Jan J},
  volume={2},
  year={1990},
  publisher={Cambridge Univ Press}
}

@article{Koenderink:1980:PIRSS,
  title={Photometric invariants related to solid shape},
  author={Koenderink, Jan J and van Doorn, Andrea J},
  journal={Journal of Modern Optics},
  volume={27},
  number={7},
  pages={981--996},
  year={1980},
  publisher={Taylor \& Francis}
}

@inproceedings{Lee:2007:LDAS,
  title={Line drawings via abstracted shading},
  author={Lee, Yunjin and Markosian, Lee and Lee, Seungyong and Hughes, John F},
  booktitle={ACM Transactions on Graphics (TOG)},
  volume={26},
  number={3},
  pages={18},
  year={2007},
  organization={ACM}
}

@article{Canny:1986:CAED,
  title={A computational approach to edge detection},
  author={Canny, John},
  journal={Pattern Analysis and Machine Intelligence, IEEE Transactions on},
  number={6},
  pages={679--698},
  year={1986},
  publisher={IEEE}
}

@article{Heckbert:1986:STM,
  title={Survey of texture mapping},
  author={Heckbert, Paul S},
  journal={Computer Graphics and Applications, IEEE},
  volume={6},
  number={11},
  pages={56--67},
  year={1986},
  publisher={IEEE}
}

@article{Moore:1981:PCA,
  title={Principal component analysis in linear systems: Controllability, observability, and model reduction},
  author={Moore, Bruce},
  journal={Automatic Control, IEEE Transactions on},
  volume={26},
  number={1},
  pages={17--32},
  year={1981},
  publisher={IEEE}
}

